@ARTICLE{lowMach,
   author = {{Almgren}, A.~S. and {Bell}, J.~B. and {Rendleman}, C.~A. and 
{Zingale}, M.},
    title = "{Low Mach Number Modeling of Type Ia Supernovae. I. Hydrodynamics}",
  journal = {\apj},
   eprint = {arXiv:astro-ph/0509892},
 keywords = {Convection, Hydrodynamics, Methods: Numerical, Nuclear Reactions, Nucleosynthesis, Abundances, Stars: Supernovae: General, Stars: White Dwarfs},
     year = 2006,
    month = feb,
   volume = 637,
    pages = {922-936},
      doi = {10.1086/498426},
   adsurl = {http://adsabs.harvard.edu/abs/2006ApJ...637..922A},
  adsnote = {Provided by the SAO/NASA Astrophysics Data System}
}



@ARTICLE{SNe,
   author = {{Bell}, J.~B. and {Day}, M.~S. and {Rendleman}, C.~A. and 
             {Woosley}, S.~E. and {Zingale}, M.~A.},
    title = "{Adaptive low Mach number simulations of nuclear flame microphysics}",
  journal = {Journal of Computational Physics},
     year = 2004,
    month = apr,
   volume = 195,
    pages = {677-694},
      doi = {10.1016/j.jcp.2003.10.035},
   adsurl = {http://adsabs.harvard.edu/abs/2004JCoPh.195..677B},
  adsnote = {Provided by the SAO/NASA Astrophysics Data System}
}



@ARTICLE{harlowwelch:1965,
   author = {{Harlow}, F.~H. and {Welch}, J.~E.},
    title = "{Numerical Calculation of Time-Dependent Viscous Incompressible Flow of Fluid with Free Surface}",
  journal = {Physics of Fluids},
     year = 1965,
    month = dec,
   volume = 8,
    pages = {2182-2189},
      doi = {10.1063/1.1761178},
   adsurl = {http://adsabs.harvard.edu/abs/1965PhFl....8.2182H},
  adsnote = {Provided by the SAO/NASA Astrophysics Data System}
}


@ARTICLE{lowMach2,
   author = {{Almgren}, A.~S. and {Bell}, J.~B. and {Rendleman}, C.~A. and 
             {Zingale}, M.},
    title = "{Low Mach Number Modeling of Type Ia Supernovae. II. Energy Evolution}",
  journal = {\apj},
   eprint = {arXiv:astro-ph/0606496},
     year = 2006,
    month = oct,
   volume = 649,
    pages = {927-938},
      doi = {10.1086/507089},
   adsurl = {http://adsabs.harvard.edu/abs/2006ApJ...649..927A},
  adsnote = {Provided by the SAO/NASA Astrophysics Data System}
}



@ARTICLE{lowMach3,
   author = {{Almgren}, A.~S. and {Bell}, J.~B. and {Nonaka}, A. and {Zingale}, M.},
    title = "{Low Mach Number Modeling of Type Ia Supernovae. III. Reactions}",
  journal = {\apj},
     year = 2008,
    month = sep,
   volume = 684,
    pages = {449-470},
      doi = {10.1086/590321},
   adsurl = {http://adsabs.harvard.edu/abs/2008ApJ...684..449A},
  adsnote = {Provided by the SAO/NASA Astrophysics Data System}
}

@ARTICLE{multilevel,
   author = {{Nonaka}, A. and {Almgren}, A.~S. and {Bell}, J.~B. and {Lijewski}, M.~J. and {Malone}, C.~M. 
            and {Zingale}, M.},
    title = "{{\tt MAESTRO}: An Adaptive Low Mach Number Hydrodynamics Algorithm for 
              Stellar Flows}",
  journal = {\apj},
     year = 2010,
     note = "submitted"
}

@ARTICLE{xrb,
   author = {{Malone}, C. and {Nonaka}, A. and {Almgren}, A.~S. and {Bell}, J.~B. and {Zingale}, M.},
    title = "{Multidimensional Modeling of Type I X-ray Bursts. I. Two-Dimensional 
              Convection Prior to the Outburst}",
  journal = {\apj},
     year = 2010,
     note = "in preparation"
}



@ARTICLE{timmes_eos,
   author = {{Timmes}, F.~X. and {Swesty}, F.~D.},
    title = "{The Accuracy, Consistency, and Speed of an Electron-Positron Equation of State Based on Table Interpolation of the Helmholtz Free Energy}",
  journal = {\apjs},
     year = 2000,
    month = feb,
   volume = 126,
    pages = {501-516},
   adsurl = {http://adsabs.harvard.edu/abs/2000ApJS..126..501T},
  adsnote = {Provided by the SAO/NASA Astrophysics Data System}
}


@ARTICLE{lowMach4,
   author = {{Zingale}, M. and {Almgren}, A.~S. and {Bell}, J.~B. and {Nonaka}, A. and 
             {Woosley}, S.~E.},
    title = "{Low Mach Number Modeling of Type IA Supernovae. IV. White Dwarf Convection}",
  journal = {\apj},
archivePrefix = "arXiv",
   eprint = {0908.2668},
     year = 2009,
    month = oct,
   volume = 704,
    pages = {196-210},
      doi = {10.1088/0004-637X/704/1/196},
   adsurl = {http://adsabs.harvard.edu/abs/2009ApJ...704..196Z},
  adsnote = {Provided by the SAO/NASA Astrophysics Data System}
}




