@ARTICLE{lowMach,
   author = {{Almgren}, A.~S. and {Bell}, J.~B. and {Rendleman}, C.~A. and 
{Zingale}, M.},
    title = "{Low Mach Number Modeling of Type Ia Supernovae. I. Hydrodynamics}",
  journal = {\apj},
   eprint = {arXiv:astro-ph/0509892},
 keywords = {Convection, Hydrodynamics, Methods: Numerical, Nuclear Reactions, Nucleosynthesis, Abundances, Stars: Supernovae: General, Stars: White Dwarfs},
     year = 2006,
    month = feb,
   volume = 637,
    pages = {922-936},
      doi = {10.1086/498426},
   adsurl = {http://adsabs.harvard.edu/abs/2006ApJ...637..922A},
  adsnote = {Provided by the SAO/NASA Astrophysics Data System}
}



@ARTICLE{SNe,
   author = {{Bell}, J.~B. and {Day}, M.~S. and {Rendleman}, C.~A. and 
             {Woosley}, S.~E. and {Zingale}, M.~A.},
    title = "{Adaptive low Mach number simulations of nuclear flame microphysics}",
  journal = {Journal of Computational Physics},
     year = 2004,
    month = apr,
   volume = 195,
    pages = {677-694},
      doi = {10.1016/j.jcp.2003.10.035},
   adsurl = {http://adsabs.harvard.edu/abs/2004JCoPh.195..677B},
  adsnote = {Provided by the SAO/NASA Astrophysics Data System}
}



@ARTICLE{harlowwelch:1965,
   author = {{Harlow}, F.~H. and {Welch}, J.~E.},
    title = "{Numerical Calculation of Time-Dependent Viscous Incompressible Flow of Fluid with Free Surface}",
  journal = {Physics of Fluids},
     year = 1965,
    month = dec,
   volume = 8,
    pages = {2182-2189},
      doi = {10.1063/1.1761178},
   adsurl = {http://adsabs.harvard.edu/abs/1965PhFl....8.2182H},
  adsnote = {Provided by the SAO/NASA Astrophysics Data System}
}


@ARTICLE{lowMach2,
   author = {{Almgren}, A.~S. and {Bell}, J.~B. and {Rendleman}, C.~A. and 
             {Zingale}, M.},
    title = "{Low Mach Number Modeling of Type Ia Supernovae. II. Energy Evolution}",
  journal = {\apj},
   eprint = {arXiv:astro-ph/0606496},
     year = 2006,
    month = oct,
   volume = 649,
    pages = {927-938},
      doi = {10.1086/507089},
   adsurl = {http://adsabs.harvard.edu/abs/2006ApJ...649..927A},
  adsnote = {Provided by the SAO/NASA Astrophysics Data System}
}



@ARTICLE{lowMach3,
   author = {{Almgren}, A.~S. and {Bell}, J.~B. and {Nonaka}, A. and {Zingale}, M.},
    title = "{Low Mach Number Modeling of Type Ia Supernovae. III. Reactions}",
  journal = {\apj},
     year = 2008,
    month = sep,
   volume = 684,
    pages = {449-470},
      doi = {10.1086/590321},
   adsurl = {http://adsabs.harvard.edu/abs/2008ApJ...684..449A},
  adsnote = {Provided by the SAO/NASA Astrophysics Data System}
}

@ARTICLE{multilevel,
   author = {{Nonaka}, A. and {Almgren}, A.~S. and {Bell}, J.~B. and {Lijewski}, M.~J. and 
{Malone}, C.~M. and {Zingale}, M.},
    title = "{MAESTRO: An Adaptive Low Mach Number Hydrodynamics Algorithm for Stellar Flows}",
  journal = {\apjs},
archivePrefix = "arXiv",
   eprint = {1005.0112},
 primaryClass = "astro-ph.IM",
 keywords = {convection, hydrodynamics, methods: numerical, nuclear reactions, nucleosynthesis, abundances, supernovae: general, white dwarfs},
     year = 2010,
    month = jun,
   volume = 188,
    pages = {358-383},
      doi = {10.1088/0067-0049/188/2/358},
   adsurl = {http://adsabs.harvard.edu/abs/2010ApJS..188..358N},
  adsnote = {Provided by the SAO/NASA Astrophysics Data System}
}


@ARTICLE{xrb,
   author = {{Malone}, C.~M. and {Nonaka}, A. and {Almgren}, A.~S. and {Bell}, J.~B. and 
{Zingale}, M.},
    title = "{Multidimensional Modeling of Type I X-ray Bursts. I. Two-dimensional Convection Prior to the Outburst of a Pure $^{4}$He Accretor}",
  journal = {\apj},
archivePrefix = "arXiv",
   eprint = {1012.0609},
 primaryClass = "astro-ph.HE",
 keywords = {convection, hydrodynamics, methods: numerical, stars: neutron, X-rays: bursts},
     year = 2011,
    month = feb,
   volume = 728,
    pages = {118-+},
      doi = {10.1088/0004-637X/728/2/118},
   adsurl = {http://adsabs.harvard.edu/abs/2011ApJ...728..118M},
  adsnote = {Provided by the SAO/NASA Astrophysics Data System}
}



@ARTICLE{timmes_eos,
   author = {{Timmes}, F.~X. and {Swesty}, F.~D.},
    title = "{The Accuracy, Consistency, and Speed of an Electron-Positron Equation of State Based on Table Interpolation of the Helmholtz Free Energy}",
  journal = {\apjs},
     year = 2000,
    month = feb,
   volume = 126,
    pages = {501-516},
   adsurl = {http://adsabs.harvard.edu/abs/2000ApJS..126..501T},
  adsnote = {Provided by the SAO/NASA Astrophysics Data System}
}


@ARTICLE{lowMach4,
   author = {{Zingale}, M. and {Almgren}, A.~S. and {Bell}, J.~B. and {Nonaka}, A. and 
             {Woosley}, S.~E.},
    title = "{Low Mach Number Modeling of Type IA Supernovae. IV. White Dwarf Convection}",
  journal = {\apj},
archivePrefix = "arXiv",
   eprint = {0908.2668},
     year = 2009,
    month = oct,
   volume = 704,
    pages = {196-210},
      doi = {10.1088/0004-637X/704/1/196},
   adsurl = {http://adsabs.harvard.edu/abs/2009ApJ...704..196Z},
  adsnote = {Provided by the SAO/NASA Astrophysics Data System}
}


@ARTICLE{castro,
  author = {{Almgren}, A. S. and {Beckner}, V. E. and {Bell}, J. B. and {Day}, M. S. and 
            {Howell}, L. H. and {Joggerst}, C. C. and {Lijewski}, M. J. and {Nonaka}, A.
            and {Singer}, M. and {Zingale}, M.},
  title = "{CASTRO: A New Compressible Astrophysical Solver. I. Hydrodynamics and Self-Gravity}",
  journal = {\apjs},
  year = 2010,
  note = {accepted for publication}
}

@ARTICLE{flash,
  author = {{Fryxell}, B. and {Olson}, K. and {Ricker}, P. and {Timmes}, F.~X. and 
            {Zingale}, M. and {Lamb}, D.~Q. and {MacNeice}, P. and {Rosner}, R. and 
            {Truran}, J.~W. and {Tufo}, H.},
    title = "{FLASH: An Adaptive Mesh Hydrodynamics Code for Modeling Astrophysical Thermonuclear Flashes}",
  journal = {\apjs},
 keywords = {Equation of State, Hydrodynamics, Methods: Numerical, Nuclear Reactions, Nucleosynthesis, Abundances, Stars: General},
     year = 2000,
    month = nov,
   volume = 131,
    pages = {273-334},
      doi = {10.1086/317361},
   adsurl = {http://adsabs.harvard.edu/abs/2000ApJS..131..273F},
  adsnote = {Provided by the SAO/NASA Astrophysics Data System}
}



@BOOK{leveque,
  author = {{LeVeque}, R.~J.},
  title="{Finite Volume Methods for Hyperbolic Problems}",
  publisher={Cambridge University Press},
  series={Cambridge Texts in Applied Mathematics}, 
 year=2002
}

@ARTICLE{almgren:2000,
        AUTHOR = {A. Almgren},
        TITLE = {A New Look at the Pseudo-incompressible Solution to
                 {L}amb's problem of Hydrostatic Adjustment},
        JOURNAL = JAS,
        VOLUME = {57},
        MONTH = Apr,
        YEAR = {2000},
        PAGES = {995--998}
}


@ARTICLE{durran,
        author={D. R. Durran},
        title={Improving the anelastic approximation},
        journal=jas,
        volume={46},
        number={11},
        pages={1453-1461},
        year={1989}
}

@ARTICLE{almgrenBellSzymczak:1996,
        TITLE = {A numerical method for the incompressible {N}avier-{S}tokes
        equations based on an approximate projection},
        AUTHOR = {A. S. Almgren and J. B. Bell and W. G. Szymczak},
        YEAR = {1996},
        VOLUME = {17},
        NUMBER = {2},
        MONTH = Mar,
        JOURNAL = {SIAM J. Sci. Comput.},
        PAGES = {358--369}
}

@INPROCEEDINGS{bellColellaHowell:1991,
        AUTHOR = {J. B. Bell and P. Colella and L. H. Howell},
        TITLE = {An efficient second-order projection method
         for viscous incompressible flow},
        YEAR = {1991},
        BOOKTITLE = {Proceedings of the Tenth AIAA Computational
                     Fluid Dynamics Conference},
        MONTH = Jun,
        ORGANIZATION = {AIAA},
        PAGES = {360--367}
}


@ARTICLE{bellMarcus:1992b,
   author    = {J. B. Bell and D. L. Marcus},
   title     = {A SECOND-ORDER PROJECTION METHOD FOR VARIABLE-DENSITY FLOWS},
   JOURNAL = JCP,
   VOLUME = {101},
   NUMBER = {2},
   YEAR = {1992},
   MONTH = Aug,
   PAGES = {334--348}
}


@ARTICLE{almgren:bell:crutchfield,
author =   {A. S. Almgren and J. B. Bell and W. Y. Crutchfield},
title =    {Approximate Projection Methods: Part {I}. {I}nviscid Analysis},
journal =  {SIAM J. Sci. Comput.},
volume={22},
number={4},
pages={1139--59},
year =     {2000}
}

@Book{cg-ed2,
  author = 	 {A. Weiss and W. Hillebrandt and H.-C. Thomas and H. Ritter},
  title = 	 {Cox \& Giuli's Principles of Stellar Structure},
  publisher = 	 {Cambridge Scientific Publishers},
  year = 	 {2004},
  OPTkey = 	 {},
  volume = 	 {},
  OPTnumber = 	 {},
  OPTseries = 	 {},
  OPTaddress = 	 {},
  OPTedition = 	 {},
  OPTmonth = 	 {},
  OPTnote = 	 {},
  OPTannote = 	 {}
}


@ARTICLE{DayBell00,
  author={M. S. Day and J. B. Bell},
  title={Numerical simulation of laminar reacting flows with complex chemistry},
  journal={Combust. Theory Modelling},
  volume={4},
  number={4},
  pages={535-556},
  year={2000}
 }



@ARTICLE{Non11,
   author={{Nonaka}, A and {Bell}, J.~B. and {Day}, M.~S. and {Gilet}, C.
            and {Almgren}, A.~S. and {Minion}, M.~L.},
   title ={A Deferred Correction Coupling Strategy for Low
           Mach Number Flow with Complex Chemistry},
    year=2011,
    note={submitted for publication}
}


@ARTICLE{vode,
  author={P. N. Brown and G. D. Byrne and A. C. Hindmarsh},
  title={{VODE}: A Variable Coefficient ODE Solver},
  journal={SIAM J. Sci. Stat. Comput.},
  volume={10},
  pages={1038-1051},
  year={1989}
}


@Article{SNrt3d,
  author = {{Zingale}, M and {Woosley}, S.~E. and {Rendleman}, C.~A. and {Day},
             M.~S. and {Bell}, J.~B.},
  title = "{Three-dimensional Numerical Simulations of Rayleigh-Taylor Unstable
            Flames in Type Ia Supernovae}",
  journal = {ApJ},
  year = {2005},
  volume = {632},
  pages = {1021}
}

@Article{SNld,
  author = {{Bell}, J.~B. and {Day}, M.~S. and {Rendleman}, C.~A. and
                  {Woosley}, S.~E. and {Zingale}, M.},
  title  = "{Direct Numerical Simulations of Type Ia Supernovae Flames I: The 
             Landau-Darrieus Instability}",
  journal = {ApJ},
  year = {2004},
  volume = {606},
  pages = {1029}
}

@ARTICLE{SNturb,
   author = {{Aspden}, A.~J. and {Bell}, J.~B. and {Day}, M.~S. and {Woosley}, S.~E. and {Zingale}, M.},
    title = "{Turbulence-Flame Interactions in Type Ia Supernovae}",
  journal = {ApJ},
archivePrefix = "arXiv",
   eprint = {0811.2816},
 keywords = {Conduction, Hydrodynamics, Methods: Numerical, Nuclear Reactions, Nucleosynthesis, Abundances, Stars: Supernovae: General, Turbulence, Stars: White Dwarfs},
     year = 2008,
    month = dec,
   volume = 689,
    pages = {1173-1185},
      doi = {10.1086/592726},
   adsurl = {http://adsabs.harvard.edu/abs/2008ApJ...689.1173A},
  adsnote = {Provided by the SAO/NASA Astrophysics Data System}
}


@ARTICLE{bds3d,
   author = {{Nonaka}, A. and {May}, S. and {Almgren}, A.~S. and {Bell}, J.~B.},
   title = "{A Three-Dimensional, Unsplit Godunov Method for Scalar Conservation Laws}",
   journal = "{SIAM J. Sci. Comput.}",
   year = 2011,
   volume = 33,
   number = 4,
   pages = {2039--2062}
}

@ARTICLE{bellcolellaglaz,
   author = {{Bell}, J.~B. and {Colella}, P. and {Glaz}, H.~M.},
    title = "{A Second Order Projection Method for the Incompressible Navier-Stokes Equations}",
  journal = {Journal of Computational Physics},
     year = 1989,
    month = dec,
   volume = 85,
    pages = {257},
      doi = {10.1016/0021-9991(89)90151-4},
   adsurl = {http://adsabs.harvard.edu/abs/1989JCoPh..85..257B},
  adsnote = {Provided by the SAO/NASA Astrophysics Data System}
}


@ARTICLE{wdconvect,
   author = {{Zingale}, M. and {Nonaka}, A. and {Almgren}, A.~S. and {Bell}, J.~B. and 
{Malone}, C.~M. and {Woosley}, S.~E.},
    title = "{The Convective Phase Preceding Type Ia Supernovae}",
  journal = {\apj},
 keywords = {convection, hydrodynamics, methods: numerical, nuclear reactions, nucleosynthesis, abundances, supernovae: general, white dwarfs},
     year = 2011,
    month = oct,
   volume = 740,
      eid = {8},
    pages = {8},
      doi = {10.1088/0004-637X/740/1/8},
   adsurl = {http://adsabs.harvard.edu/abs/2011ApJ...740....8Z},
  adsnote = {Provided by the SAO/NASA Astrophysics Data System}
}

@ARTICLE{wdturb,
   author = {{Nonaka}, A. and {Aspden}, A.~J. and {Zingale}, M. and {Almgren}, A.~S. and 
{Bell}, J.~B. and {Woosley}, S.~E.},
    title = "{High-resolution Simulations of Convection Preceding Ignition in Type Ia Supernovae Using Adaptive Mesh Refinement}",
  journal = {\apj},
archivePrefix = "arXiv",
   eprint = {1111.3086},
 primaryClass = "astro-ph.HE",
 keywords = {convection, hydrodynamics, methods: numerical, nuclear reactions, nucleosynthesis, abundances, supernovae: general, white dwarfs},
     year = 2012,
    month = jan,
   volume = 745,
      eid = {73},
    pages = {73},
      doi = {10.1088/0004-637X/745/1/73},
   adsurl = {http://adsabs.harvard.edu/abs/2012ApJ...745...73N},
  adsnote = {Provided by the SAO/NASA Astrophysics Data System}
}

@ARTICLE{KP:2012,
   author = {Rupert Klein and Olivier Pauluis},
    title = {Thermodynamic Consistency of a Pseudoincompressible Approximation \
for General Equations of State},
  journal = JAS,
    month = {March},
     year = 2012
}

@ARTICLE{VLBWZ:2013,
   author = {Geoffrey M. Vasil and Daniel Lecoanet and Benjamin P. Brown and Toby S. Wood and Ellen G. Zweibel},
    title = {Energy Conservation and Gravity Waves in Sound-proof Treatments of Stellar Interiors. II.
             Lagrangian Constrained Analysis},
  journal = APJ,
  volume = 773,
  pages = {169-},
     year = 2013
}

@ARTICLE{MaestroEnergy,
  author = {{Almgren}, A.~S. and {Bell}, J.~B. and {Nonaka}, A. and {Zingale}, M.},
   title = "{On New Low Mach Number Equations for Stratified Flows}",
   journal = APJ,
   year = 2014,
   note = {in preparation}
}

@ARTICLE{yt,
   author = {{Turk}, M.~J. and {Smith}, B.~D. and {Oishi}, J.~S. and {Skory}, S. and 
{Skillman}, S.~W. and {Abel}, T. and {Norman}, M.~L.},
    title = "{yt: A Multi-code Analysis Toolkit for Astrophysical Simulation Data}",
  journal = {\apjs},
archivePrefix = "arXiv",
   eprint = {1011.3514},
 primaryClass = "astro-ph.IM",
 keywords = {cosmology: theory, methods: data analysis, methods: numerical},
     year = 2011,
    month = jan,
   volume = 192,
      eid = {9},
    pages = {9},
      doi = {10.1088/0067-0049/192/1/9},
   adsurl = {http://adsabs.harvard.edu/abs/2011ApJS..192....9T},
  adsnote = {Provided by the SAO/NASA Astrophysics Data System}
}
